@inproceedings{Sampaio:2017:SPD:3147213.3147230,
 author = {Sampaio, Lilia and Silva, F\'{a}bio and Souza, Amanda and Brito, Andrey and Felber, Pascal},
 title = {{Secure and Privacy-Aware Data Dissemination for Cloud-Based Applications}},
 booktitle = {Proceedings of the 10th International Conference on Utility and Cloud Computing},
 series = {UCC '17},
 year = {2017},
 isbn = {978-1-4503-5149-2},
 location = {Austin, Texas, USA},
 pages = {47--56},
 numpages = {10},
 url = {http://doi.acm.org/10.1145/3147213.3147230},
 doi = {10.1145/3147213.3147230},
 acmid = {3147230},
 publisher = {ACM},
 address = {New York, NY, USA},
 keywords = {cloud computing, data security, iot, privacy, sgx, trusted execution},
}

@INPROCEEDINGS{8613960, 
	author={Sergei {Arnautov} and Andrey {Brito} and Pascal {Felber} and Christof {Fetzer} and Franz {Gregor} and Robert {Krahn} and Wojciech {Ozga} and Andre {Martin} and Valerio {Schiavoni} and F\'{a}bio {Silva} and Marcus {Tenorio} and Nikolaus {Thümmel}}, 
	booktitle={2018 IEEE 37th Symposium on Reliable Distributed Systems (SRDS)}, 
	title={{PubSub-SGX: Exploiting Trusted Execution Environments for Privacy-Preserving Publish/Subscribe Systems}}, 
	year={2018}, 
	volume={}, 
	number={}, 
	pages={123-132}, 
	keywords={data integrity;data privacy;message passing;middleware;program compilers;Python;security of data;trusted computing;container-based runtime;PubSub-SGX;privacy-preserving publish/subscribe systems;just-in-time compilation;data integrity;subscriber privacy;publisher privacy;trusted execution environments;subscriber anonymity;publisher anonymity;content-based publish-subscribe system;Python programs;data confidentiality;Global Positioning System;Logistics;Scalability;Python;Cloud computing;Information exchange;Routing;privacy;security;publish subscribe;distributed systems;content based publish subscribe}, 
	doi={10.1109/SRDS.2018.00023}, 
	ISSN={2575-8462}, 
	month={Oct},
}

@INPROCEEDINGS{8995723,
	author={M. S. L. {da Silva} and Fábio {Silva} and A. {Brito}},
	booktitle={2019 9th Latin-American Symposium on Dependable Computing (LADC)},
	title={{Squad: A Secure, Simple Storage Service for SGX-Based Microservices}},
	year={2019},
	volume={},
	number={},
	pages={1-9},
	keywords={security;microservices;configuration;Intel SGX},
	doi={10.1109/LADC48089.2019.8995723},
	ISSN={null},
	month={Nov},
}

@article{article,
	author = {Blanquer, Ignacio and Brasileiro, Francisco and Brito, Andrey and Calatrava, Amanda and Carvalho, André and Fetzer, Christof and Figueiredo, Flavio and Guimaraes, Ronny and Marinho, Leandro and Meira Jr, Wagner and Silva, Altigran and Alberich-Bayarri, Angel and Camacho-Ramos, Eduardo and Jimenez-Pastor, Ana and Ribeiro, Antonio Luiz and Nascimento, Bruno and Silva, Fabio},
	year = {2020},
	month = {04},
	pages = {},
	title = {Federated and secure cloud services for building medical image classifiers on an intercontinental infrastructure},
	volume = {110},
	journal = {Future Generation Computer Systems},
	doi = {10.1016/j.future.2020.04.012}
}